@book{lamport2002,
title = "Specifying Systems: The TLA+ Language and Tools for Hardware and Software Engineers",
author = "Lamport, Leslie",
year = "2002",
publisher = "Pearson Education, Inc"
}

@article{lamport1994,
author = {Lamport, Leslie},
title = {The Temporal Logic of Actions},
year = {1994},
issue_date = {May 1994},
publisher = {Association for Computing Machinery},
address = {New York, NY, USA},
volume = {16},
number = {3},
issn = {0164-0925},
url = {https://doi.org/10.1145/177492.177726},
doi = {10.1145/177492.177726},
journal = {ACM Trans. Program. Lang. Syst.},
month = may,
pages = {872â€“923},
numpages = {52},
keywords = {safety properties, concurrent programming, liveness properties}
}

@inproceedings{ARQNL2014,
  author    = {Damien Doligez and Jael Kriener and Leslie Lamport and Tomer Libal and Stephan Merz},
  title     = {Coalescing: Syntactic Abstraction for Reasoning in First-Order Modal Logics},
  booktitle = {ARQNL 2014. Automated Reasoning in Quantified Non-Classical Logics},
  editor    = {Christoph Benzm\"uller and Jens Otten},
  series    = {EPiC Series in Computing},
  volume    = {33},
  pages     = {1--16},
  year      = {2015},
  publisher = {EasyChair},
  bibsource = {EasyChair, https://easychair.org},
  issn      = {2398-7340},
  url       = {https://easychair.org/publications/paper/KrcL},
  doi       = {10.29007/cpbz}
}

@misc{TLAPSurl,
  author = {{M}icrosoft {R}esearch - {I}nria {J}oint {C}enter},
  title = {{TLA+} {P}roof {S}ystem},
  howpublished = {\url{https://tla.msr-inria.inria.fr/tlaps/content/Home.html}},
  note = {Accessed: 2020-06-21}
}